
@article{MYASNIKOV2011324,
title = {The Word Problem in the Baumslag group with a non-elementary Dehn function is polynomial time decidable},
journal = {Journal of Algebra},
volume = {345},
number = {1},
pages = {324-342},
year = {2011},
issn = {0021-8693},
doi = {https://doi.org/10.1016/j.jalgebra.2011.07.024},
url = {https://www.sciencedirect.com/science/article/pii/S0021869311004492},
author = {Alexei Myasnikov and Alexander Ushakov and Dong Wook Won},
keywords = {Word Problem, Baumslag group, One-relator group, Magnus breakdown algorithm, Power circuit, Computational complexity},
abstract = {We prove that the Word Problem in the Baumslag group G(1,2)=〈a,b;aab=a2〉 which has a non-elementary Dehn function is decidable in polynomial time.}
}

@article{mccool_schupp_1973, title={On one relator groups and HNN extensions}, volume={16}, DOI={10.1017/S1446788700014300}, number={2}, journal={Journal of the Australian Mathematical Society}, publisher={Cambridge University Press}, author={McCool, James and Schupp, Paul E.}, year={1973}, pages={249–256}}

@unpublished{PutmanOneRelator,
  title={One Relator Groups},
  author={Andrew Putman},
  year={\url{https://www3.nd.edu/~andyp/notes/}, accessed 22 December 2020},
  url={https://www3.nd.edu/~andyp/notes/}}

@article{ThemathlibCommunity2020,
   title={The lean mathematical library},
   ISBN={9781450370974},
   url={http://dx.doi.org/10.1145/3372885.3373824},
   DOI={10.1145/3372885.3373824},
   journal={Proceedings of the 9th ACM SIGPLAN International Conference on Certified Programs and Proofs},
   publisher={ACM},
   author={The mathlib Community},
   year={2020},
   month={Jan}
}

@incollection {MR3446905,
    AUTHOR = {de Moura, Leonardo and Kong, Soonho and Avigad, Jeremy and van
              Doorn, Floris and von Raumer, Jakob},
     TITLE = {The lean theorem prover (system description)},
 BOOKTITLE = {Automated deduction---{CADE} 25},
    SERIES = {Lecture Notes in Comput. Sci.},
    VOLUME = {9195},
     PAGES = {378--388},
 PUBLISHER = {Springer, Cham},
      YEAR = {2015},
   MRCLASS = {03B35 (03B15)},
  MRNUMBER = {3446905},
       DOI = {10.1007/978-3-319-21401-6\_26},
       URL = {https://doi.org/10.1007/978-3-319-21401-6_26},
}
@article {collins1986,
    AUTHOR = {Collins, Donald J.},
     TITLE = {A simple presentation of a group with unsolvable word problem},
   JOURNAL = {Illinois J. Math.},
  FJOURNAL = {Illinois Journal of Mathematics},
    VOLUME = {30},
      YEAR = {1986},
    NUMBER = {2},
     PAGES = {230--234},
      ISSN = {0019-2082},
   MRCLASS = {20F10 (03D40 20M05)},
  MRNUMBER = {840121},
MRREVIEWER = {M. M. Richter},
       URL = {http://projecteuclid.org/euclid.ijm/1256044631},
}

@article {magnus1932,
    AUTHOR = {Magnus, W.},
     TITLE = {Das {I}dentit\"{a}tsproblem f\"{u}r {G}ruppen mit einer definierenden
              {R}elation},
   JOURNAL = {Math. Ann.},
  FJOURNAL = {Mathematische Annalen},
    VOLUME = {106},
      YEAR = {1932},
    NUMBER = {1},
     PAGES = {295--307},
      ISSN = {0025-5831},
   MRCLASS = {DML},
  MRNUMBER = {1512760},
       DOI = {10.1007/BF01455888},
       URL = {https://doi.org/10.1007/BF01455888},
}

@misc{infinitegroups,
  AUTHOR = {{M}{\"{u}}ller, Isabel},
  TITLE = {Imperial {C}ollege {L}ondon, {L}ecture {N}otes: {I}nfinite {G}roups},
  YEAR = {2019-20}
}

@misc{kylemiller,
  AUTHOR = {Miller, Kyle},
  TITLE = {grouprel},
  YEAR = {\url{https://math.berkeley.edu/~kmill/tools/grouprel.html}, accessed 7 June 2021}
}
